<?xml version="1.0" encoding="UTF-8"?><collection xmlns="http://www.loc.gov/MARC21/slim"><record><leader>00448nam--2200157-u-4500</leader><controlfield tag="001">000052453</controlfield><controlfield tag="002">20161230</controlfield><controlfield tag="005">20161230201050</controlfield><controlfield tag="008">100714s1000------------r-----000-0-eng-d</controlfield><datafield ind1=" " ind2=" " tag="040"><subfield code="a">IFIN-HH</subfield></datafield><datafield ind1="1" ind2=" " tag="100"><subfield code="a">Gouse, S. William</subfield></datafield><datafield ind1="1" ind2="0" tag="245"><subfield code="a">An index to the two-phase gas-liquid flow literature</subfield><subfield code="c">S.william gouse jr</subfield></datafield><datafield ind1=" " ind2=" " tag="260"><subfield code="a">Cambridge</subfield><subfield code="b">The M.I.T. Press</subfield><subfield code="c">1966</subfield></datafield><datafield ind1=" " ind2=" " tag="490"><subfield code="a">M.I.T. Report</subfield><subfield code="v">No. 9</subfield></datafield><datafield ind1=" " ind2=" " tag="852"><subfield code="a">29638</subfield><subfield code="c">532</subfield></datafield><datafield ind1=" " ind2=" " tag="CAT"><subfield code="a">Sys</subfield><subfield code="c">20100714</subfield><subfield code="h">105628</subfield></datafield></record></collection>